@article{china_HVG,
  title={Texture classification based on image (natural and horizontal) visibility graph 
constructing methods},
  author={Pei, Laifan and Li, Zhaohui and Liu, Jie},
  journal={Chaos: An Interdisciplinary Journal of Nonlinear Science},
  volume={31},
  number={1},
  pages={013128},
  year={2021},
  publisher={AIP Publishing LLC}
}


@article{wavelet,
	title={Graph wavelet transform for image texture classification},
	author={Qiao, Yu-Long and Zhao, Yue and Song, Chun-Yan and Zhang, Kai-Ge and Xiang, Xue-Zhi},
	journal={IET Image Processing},
	volume={15},
	number={10},
	pages={2372--2383},
	year={2021},
	publisher={Wiley Online Library}
}